<?xml version="1.0" encoding="UTF-8"?><collection xmlns="http://www.loc.gov/MARC21/slim"><record><leader>00321nam--2200121-i-4500</leader><controlfield tag="001">000006647</controlfield><controlfield tag="002">20161230</controlfield><controlfield tag="005">20161230201026</controlfield><controlfield tag="008">060222s1000------------r-----000-0-eng-d</controlfield><datafield ind1=" " ind2=" " tag="245"><subfield code="a">Ca today, the production of chemical abstracts</subfield></datafield><datafield ind1=" " ind2=" " tag="260"><subfield code="a">Washington, American Chemical Soc., 1959</subfield></datafield><datafield ind1=" " ind2=" " tag="490"><subfield code="a">Ix+130p</subfield></datafield><datafield ind1=" " ind2=" " tag="700"><subfield code="a">Crane, E. J</subfield></datafield></record></collection>